<collection xmlns="http://www.loc.gov/MARC21/slim">
<record>
  <leader>05552nam0a22008171i 450 </leader>
  <controlfield tag="001">IT\ICCU\CNCE\029305</controlfield>
  <controlfield tag="005">20181106000000.0</controlfield>
  <datafield tag="012" ind1=" " ind2=" ">
    <subfield code="a">a-a- pant tai- +umu (3) 1527 (R)</subfield>
    <subfield code="2">fei</subfield>
  </datafield>
  <datafield tag="100" ind1=" " ind2=" ">
    <subfield code="a">19971118d1527        0itac0103    ba</subfield>
  </datafield>
  <datafield tag="101" ind1=" " ind2=" ">
    <subfield code="a">LAT</subfield>
  </datafield>
  <datafield tag="102" ind1=" " ind2=" ">
    <subfield code="a">IT</subfield>
  </datafield>
  <datafield tag="200" ind1="1" ind2=" ">
    <subfield code="a">Diui Mesue et noua quaedam vltra ea que secum associari cunsueuerunt Opera preclarissima vt inferius speculanti sub manus indicio demonstratur. Mundini de Lentijs super Canones eius vniuersales expositio ... Christofori Georgij Florentini super eius Antidotarium expositio ... Christophori eiusdem Tractatus de aqua et ptisana ordacea conficienda. Petri Apponensis fructuose Additiones. Nicolai medicorum expertissimi Antidotarium paruum. Ioannis de Sancto Amando super idem Nicolai Antidotarium expositio ...De quid pro quo, id est, de simplicibus in eodem operatione ... Signonimorum medicalium id est, nominum idem medicinale significantium tractatus. Bulcasis siue seruitoris medicorum profundissimi libellus ... Preclarum Saladini pro aromatarijs compendium</subfield>
  </datafield>
  <datafield tag="210" ind1=" " ind2=" ">
    <subfield code="a">\Venezia</subfield>
    <subfield code="c">eredi di Lucantonio Giunta il vecchio!</subfield>
    <subfield code="e">In florentissima Venetiarum vrbe</subfield>
    <subfield code="g">domini Luce Antonij Iunta Florentini huius artis curiosissimi sumptibus excusa</subfield>
    <subfield code="h">1527 Marcij Idibus</subfield>
  </datafield>
  <datafield tag="215" ind1=" " ind2=" ">
    <subfield code="a">388 c.</subfield>
    <subfield code="d">fol</subfield>
  </datafield>
  <datafield tag="620" ind1=" " ind2=" ">
    <subfield code="a">IT</subfield>
    <subfield code="d">Venezia</subfield>
  </datafield>
  <datafield tag="700" ind1=" " ind2="0">
    <subfield code="a">Mesue</subfield>
    <subfield code="c"> &lt;m. 1015&gt;</subfield>
    <subfield code="3">IT\ICCU\CNCA\029795</subfield>
  </datafield>
  <datafield tag="702" ind1=" " ind2="0">
    <subfield code="a">Albucasis</subfield>
    <subfield code="3">IT\ICCU\CNCA\000243</subfield>
  </datafield>
  <datafield tag="702" ind1=" " ind2="0">
    <subfield code="a">Gentile</subfield>
    <subfield code="c"> : da#Foligno</subfield>
    <subfield code="3">IT\ICCU\CNCA\000362</subfield>
  </datafield>
  <datafield tag="702" ind1=" " ind2="0">
    <subfield code="a">Mondino</subfield>
    <subfield code="c"> : dei#Liucci</subfield>
    <subfield code="3">IT\ICCU\CNCA\001094</subfield>
  </datafield>
  <datafield tag="702" ind1=" " ind2="0">
    <subfield code="a">Pietro</subfield>
    <subfield code="c"> : d&apos;#Abano</subfield>
    <subfield code="3">IT\ICCU\CNCA\004476</subfield>
  </datafield>
  <datafield tag="702" ind1=" " ind2="1">
    <subfield code="a">Ferro,</subfield>
    <subfield code="b">Saladino</subfield>
    <subfield code="3">IT\ICCU\CNCA\005355</subfield>
  </datafield>
  <datafield tag="702" ind1=" " ind2="1">
    <subfield code="a">Onesti,</subfield>
    <subfield code="b">Cristoforo</subfield>
    <subfield code="3">IT\ICCU\CNCA\012222</subfield>
  </datafield>
  <datafield tag="702" ind1=" " ind2="0">
    <subfield code="a">Francesco</subfield>
    <subfield code="c"> : di#Piedimonte</subfield>
    <subfield code="3">IT\ICCU\CNCA\012223</subfield>
  </datafield>
  <datafield tag="702" ind1=" " ind2="0">
    <subfield code="a"></subfield>
    <subfield code="c"> : da#Salerno</subfield>
    <subfield code="3">IT\ICCU\CNCA\012224</subfield>
  </datafield>
  <datafield tag="702" ind1=" " ind2="1">
    <subfield code="a">Platearius,</subfield>
    <subfield code="b">Matthaeus</subfield>
    <subfield code="3">IT\ICCU\CNCA\012225</subfield>
  </datafield>
  <datafield tag="702" ind1=" " ind2="0">
    <subfield code="a">Jean</subfield>
    <subfield code="c"> : de#Saint Amand</subfield>
    <subfield code="3">IT\ICCU\CNCA\012227</subfield>
  </datafield>
  <datafield tag="712" ind1="0" ind2="0">
    <subfield code="a">Giunta, Lucantonio</subfield>
    <subfield code="c"> &lt;1.&gt;</subfield>
    <subfield code="3">IT\ICCU\CNCT\002111</subfield>
    <subfield code="4">650</subfield>
  </datafield>
  <datafield tag="790" ind1=" " ind2="0">
    <subfield code="a">Mesue</subfield>
    <subfield code="c"> &lt;il giovane&gt;</subfield>
    <subfield code="3">IT\ICCU\CNCA\029796</subfield>
    <subfield code="z">Mesue &lt;m. 1015&gt;</subfield>
  </datafield>
  <datafield tag="790" ind1=" " ind2="0">
    <subfield code="a">Abu al-Qasim Khalaf ibn &apos;Abbas al-Zahrawi</subfield>
    <subfield code="3">IT\ICCU\CNCA\012312</subfield>
    <subfield code="z">Albucasis</subfield>
  </datafield>
  <datafield tag="790" ind1=" " ind2="0">
    <subfield code="a">Abulcasis</subfield>
    <subfield code="3">IT\ICCU\CNCA\012321</subfield>
    <subfield code="z">Albucasis</subfield>
  </datafield>
  <datafield tag="790" ind1=" " ind2="0">
    <subfield code="a">Alsaharavius</subfield>
    <subfield code="3">IT\ICCU\CNCA\012322</subfield>
    <subfield code="z">Albucasis</subfield>
  </datafield>
  <datafield tag="790" ind1=" " ind2="1">
    <subfield code="a">al-Zahrawi,</subfield>
    <subfield code="b">Halaf ibn &apos;Abbas Abu al-Qasim</subfield>
    <subfield code="3">IT\ICCU\CNCA\026852</subfield>
    <subfield code="z">Albucasis</subfield>
  </datafield>
  <datafield tag="790" ind1=" " ind2="1">
    <subfield code="a">Gentili,</subfield>
    <subfield code="b">Gentile</subfield>
    <subfield code="3">IT\ICCU\CNCA\018711</subfield>
    <subfield code="z">Gentile : da#Foligno</subfield>
  </datafield>
  <datafield tag="790" ind1=" " ind2="0">
    <subfield code="a">Gentilis</subfield>
    <subfield code="c"> : Fulginas</subfield>
    <subfield code="3">IT\ICCU\CNCA\018713</subfield>
    <subfield code="z">Gentile : da#Foligno</subfield>
  </datafield>
  <datafield tag="790" ind1=" " ind2="1">
    <subfield code="a">Gentilibus,</subfield>
    <subfield code="b">Gentilis : de#Fulgineo</subfield>
    <subfield code="3">IT\ICCU\CNCA\022158</subfield>
    <subfield code="z">Gentile : da#Foligno</subfield>
  </datafield>
  <datafield tag="790" ind1=" " ind2="0">
    <subfield code="a">Mundinus</subfield>
    <subfield code="3">IT\ICCU\CNCA\014671</subfield>
    <subfield code="z">Mondino : dei#Liucci</subfield>
  </datafield>
  <datafield tag="790" ind1=" " ind2="0">
    <subfield code="a">Mundinus</subfield>
    <subfield code="c"> : de#Lentijs</subfield>
    <subfield code="3">IT\ICCU\CNCA\025882</subfield>
    <subfield code="z">Mondino : dei#Liucci</subfield>
  </datafield>
  <datafield tag="790" ind1=" " ind2="0">
    <subfield code="a">Petrus</subfield>
    <subfield code="c"> : Paduanensis</subfield>
    <subfield code="3">IT\ICCU\CNCA\004857</subfield>
    <subfield code="z">Pietro : d&apos;#Abano</subfield>
  </datafield>
  <datafield tag="790" ind1=" " ind2="1">
    <subfield code="a">Abano,</subfield>
    <subfield code="b">Pietro : d&apos;</subfield>
    <subfield code="3">IT\ICCU\CNCA\007521</subfield>
    <subfield code="z">Pietro : d&apos;#Abano</subfield>
  </datafield>
  <datafield tag="790" ind1=" " ind2="0">
    <subfield code="a">Petrus</subfield>
    <subfield code="c"> : Aponensis</subfield>
    <subfield code="3">IT\ICCU\CNCA\008767</subfield>
    <subfield code="z">Pietro : d&apos;#Abano</subfield>
  </datafield>
  <datafield tag="790" ind1=" " ind2="0">
    <subfield code="a">Petrus</subfield>
    <subfield code="c"> : de#Apono</subfield>
    <subfield code="3">IT\ICCU\CNCA\014800</subfield>
    <subfield code="z">Pietro : d&apos;#Abano</subfield>
  </datafield>
  <datafield tag="790" ind1=" " ind2="0">
    <subfield code="a">Petrus</subfield>
    <subfield code="c"> : de#Abano</subfield>
    <subfield code="3">IT\ICCU\CNCA\022641</subfield>
    <subfield code="z">Pietro : d&apos;#Abano</subfield>
  </datafield>
  <datafield tag="790" ind1=" " ind2="0">
    <subfield code="a">Petrus</subfield>
    <subfield code="c"> : Apponus</subfield>
    <subfield code="3">IT\ICCU\CNCA\022642</subfield>
    <subfield code="z">Pietro : d&apos;#Abano</subfield>
  </datafield>
  <datafield tag="790" ind1=" " ind2="0">
    <subfield code="a">Saladino</subfield>
    <subfield code="c"> : d&apos;Ascoli</subfield>
    <subfield code="3">IT\ICCU\CNCA\005356</subfield>
    <subfield code="z">Ferro, Saladino</subfield>
  </datafield>
  <datafield tag="790" ind1=" " ind2="1">
    <subfield code="a">Ascoli,</subfield>
    <subfield code="b">Saladino : da</subfield>
    <subfield code="3">IT\ICCU\CNCA\018930</subfield>
    <subfield code="z">Ferro, Saladino</subfield>
  </datafield>
  <datafield tag="790" ind1=" " ind2="1">
    <subfield code="a">Honestis,</subfield>
    <subfield code="b">Christophorus : de</subfield>
    <subfield code="3">IT\ICCU\CNCA\017099</subfield>
    <subfield code="z">Onesti, Cristoforo</subfield>
  </datafield>
  <datafield tag="790" ind1=" " ind2="1">
    <subfield code="a">Onesti,</subfield>
    <subfield code="b">Cristoforo Giorgio : degli</subfield>
    <subfield code="3">IT\ICCU\CNCA\022395</subfield>
    <subfield code="z">Onesti, Cristoforo</subfield>
  </datafield>
  <datafield tag="790" ind1=" " ind2="0">
    <subfield code="a">Christophorus</subfield>
    <subfield code="c"> : de#Honestis</subfield>
    <subfield code="3">IT\ICCU\CNCA\022396</subfield>
    <subfield code="z">Onesti, Cristoforo</subfield>
  </datafield>
  <datafield tag="790" ind1=" " ind2="0">
    <subfield code="a">Franciscus</subfield>
    <subfield code="c"> : de#Pedemontium</subfield>
    <subfield code="3">IT\ICCU\CNCA\022818</subfield>
    <subfield code="z">Francesco : di#Piedimonte</subfield>
  </datafield>
  <datafield tag="790" ind1=" " ind2="0">
    <subfield code="a">Nicolaus</subfield>
    <subfield code="c"> : Salernitanus</subfield>
    <subfield code="3">IT\ICCU\CNCA\018065</subfield>
    <subfield code="z">Niccol ̣: da#Salerno</subfield>
  </datafield>
  <datafield tag="790" ind1=" " ind2="0">
    <subfield code="a">Nicolaus</subfield>
    <subfield code="c"> : Praepositus</subfield>
    <subfield code="3">IT\ICCU\CNCA\022527</subfield>
    <subfield code="z">Niccol ̣: da#Salerno</subfield>
  </datafield>
  <datafield tag="790" ind1=" " ind2="1">
    <subfield code="a">Plateario,</subfield>
    <subfield code="b">Matteo</subfield>
    <subfield code="3">IT\ICCU\CNCA\023049</subfield>
    <subfield code="z">Platearius, Matthaeus</subfield>
  </datafield>
  <datafield tag="790" ind1=" " ind2="1">
    <subfield code="a">Saint-Amand,</subfield>
    <subfield code="b">Jean : de</subfield>
    <subfield code="3">IT\ICCU\CNCA\024054</subfield>
    <subfield code="z">Jean : de#Saint Amand</subfield>
  </datafield>
  <datafield tag="790" ind1=" " ind2="0">
    <subfield code="a">Ioannes</subfield>
    <subfield code="c"> : de#Sancto Amando</subfield>
    <subfield code="3">IT\ICCU\CNCA\024056</subfield>
    <subfield code="z">Jean : de#Saint Amand</subfield>
  </datafield>
  <datafield tag="790" ind1=" " ind2="1">
    <subfield code="a">Amand,</subfield>
    <subfield code="b">Jean : de Saint</subfield>
    <subfield code="3">IT\ICCU\CNCA\024058</subfield>
    <subfield code="z">Jean : de#Saint Amand</subfield>
  </datafield>
  <datafield tag="790" ind1=" " ind2="1">
    <subfield code="a">Amando,</subfield>
    <subfield code="b">Johannes : de Sancto</subfield>
    <subfield code="3">IT\ICCU\CNCA\024059</subfield>
    <subfield code="z">Jean : de#Saint Amand</subfield>
  </datafield>
  <datafield tag="791" ind1="0" ind2="0">
    <subfield code="a">Zontis, Lucas Antonius de</subfield>
    <subfield code="3">IT\ICCU\CNCT\003892</subfield>
    <subfield code="z">Giunta, Lucantonio &lt;1.&gt;</subfield>
  </datafield>
  <datafield tag="791" ind1="0" ind2="0">
    <subfield code="a">Giunti, Lucantonio</subfield>
    <subfield code="c"> &lt;1&gt;</subfield>
    <subfield code="3">IT\ICCU\CNCT\004926</subfield>
    <subfield code="z">Giunta, Lucantonio &lt;1.&gt;</subfield>
  </datafield>
  <datafield tag="791" ind1="0" ind2="0">
    <subfield code="a">Gionta, Lucantonio de</subfield>
    <subfield code="3">IT\ICCU\CNCT\004928</subfield>
    <subfield code="z">Giunta, Lucantonio &lt;1.&gt;</subfield>
  </datafield>
  <datafield tag="791" ind1="0" ind2="0">
    <subfield code="a">Giuntis, Lucas Antonius de</subfield>
    <subfield code="3">IT\ICCU\CNCT\004929</subfield>
    <subfield code="z">Giunta, Lucantonio &lt;1.&gt;</subfield>
  </datafield>
  <datafield tag="791" ind1="0" ind2="0">
    <subfield code="a">Zonta, Lucantonio</subfield>
    <subfield code="3">IT\ICCU\CNCT\004930</subfield>
    <subfield code="z">Giunta, Lucantonio &lt;1.&gt;</subfield>
  </datafield>
  <datafield tag="801" ind1=" " ind2="3">
    <subfield code="a">IT</subfield>
    <subfield code="b">ICCU</subfield>
    <subfield code="c">20201114</subfield>
  </datafield>
  <datafield tag="899" ind1=" " ind2=" ">
    <subfield code="a">Biblioteca estera - Biblioteca Universidad Complutense de Madrid. Madrid</subfield>
    <subfield code="1">AA0002</subfield>
  </datafield>
  <datafield tag="899" ind1=" " ind2=" ">
    <subfield code="a">Biblioteca universitaria. Padova</subfield>
    <subfield code="1">PD0158</subfield>
    <subfield code="2">PUV 00</subfield>
  </datafield>
  <datafield tag="899" ind1=" " ind2=" ">
    <subfield code="a">Biblioteca comunale Sperelliana. Gubbio</subfield>
    <subfield code="1">PG0049</subfield>
    <subfield code="2">UM1 11</subfield>
  </datafield>
  <datafield tag="899" ind1=" " ind2=" ">
    <subfield code="a">Biblioteca civica Carlo Bonetta. Pavia</subfield>
    <subfield code="1">PV0071</subfield>
    <subfield code="2">PAV 01</subfield>
  </datafield>
  <datafield tag="899" ind1=" " ind2=" ">
    <subfield code="a">Biblioteca comunale Manfrediana. Faenza</subfield>
    <subfield code="1">RA0016</subfield>
    <subfield code="2">RAV FA</subfield>
  </datafield>
  <datafield tag="899" ind1=" " ind2=" ">
    <subfield code="a">Biblioteca Medica &quot;Pietro Giuseppe Corradini&quot; Arcispedale Santa Maria Nuova Azienda Ospedaliera. Reggio Emilia</subfield>
    <subfield code="1">RE0047</subfield>
    <subfield code="2">REA BM</subfield>
  </datafield>
  <datafield tag="899" ind1=" " ind2=" ">
    <subfield code="a">Biblioteca Alagoniana. Siracusa</subfield>
    <subfield code="1">SR0052</subfield>
    <subfield code="2">SBS AL</subfield>
  </datafield>
  <datafield tag="911" ind1=" " ind2=" ">
    <subfield code="a">Sul front. e in fine</subfield>
    <subfield code="9">IT\ICCU\CNCM\000146</subfield>
  </datafield>
  <datafield tag="921" ind1=" " ind2=" ">
    <subfield code="a">IT\ICCU\CNCM\000146</subfield>
    <subfield code="b">Giglio fiorentino e iniziali L.A.</subfield>
    <subfield code="c">K222</subfield>
    <subfield code="c">Z624</subfield>
    <subfield code="d">Dimensioni: 5,8 x 8,3</subfield>
    <subfield code="f">GIGLIO</subfield>
    <subfield code="f">LA</subfield>
    <subfield code="g">1523-1553</subfield>
  </datafield>
</record>
</collection>
